@article{dietterich1994solving,
  title={Solving multiclass learning problems via error-correcting output codes},
  author={Dietterich, Thomas G and Bakiri, Ghulum},
  journal={Journal of artificial intelligence research},
  volume={2},
  pages={263--286},
  year={1994}
}

@article{papernot2018cleverhans,
  title={Technical Report on the CleverHans v2.1.0 Adversarial Examples Library},
  author={Nicolas Papernot and Fartash Faghri and Nicholas Carlini and
  Ian Goodfellow and Reuben Feinman and Alexey Kurakin and Cihang Xie and
  Yash Sharma and Tom Brown and Aurko Roy and Alexander Matyasko and
  Vahid Behzadan and Karen Hambardzumyan and Zhishuai Zhang and
  Yi-Lin Juang and Zhi Li and Ryan Sheatsley and Abhibhav Garg and
  Jonathan Uesato and Willi Gierke and Yinpeng Dong and David Berthelot and
  Paul Hendricks and Jonas Rauber and Rujun Long},
  journal={arXiv preprint arXiv:1610.00768},
  year={2018}
}

@article{art2018,
    title = {Adversarial Robustness Toolbox v0.7.0},
    author = {Nicolae, Maria-Irina and Sinn, Mathieu and Tran, Minh~Ngoc and Rawat, Ambrish and Wistuba, Martin and Zantedeschi, Valentina and Baracaldo, Nathalie and Chen, Bryant and Ludwig, Heiko and Molloy, Ian and Edwards, Ben},
    journal = {CoRR},
    volume = {1807.01069}
    year = {2018},
    url = {https://arxiv.org/pdf/1807.01069}
}

@article{silver2016mastering,
  title={Mastering the game of Go with deep neural networks and tree search},
  author={Silver, David and Huang, Aja and Maddison, Chris J and Guez, Arthur and Sifre, Laurent and Van Den Driessche, George and Schrittwieser, Julian and Antonoglou, Ioannis and Panneershelvam, Veda and Lanctot, Marc and others},
  journal={nature},
  volume={529},
  number={7587},
  pages={484},
  year={2016},
  publisher={Nature Publishing Group}
}

@inproceedings{ciresan2011committee,
  title={A committee of neural networks for traffic sign classification.},
  author={Ciresan, Dan C and Meier, Ueli and Masci, Jonathan and Schmidhuber, J{\"u}rgen},
  booktitle={IJCNN},
  pages={1918--1921},
  year={2011}
}

@article{hamming1950error,
  title={Error detecting and error correcting codes},
  author={Hamming, Richard W},
  journal={The Bell system technical journal},
  volume={29},
  number={2},
  pages={147--160},
  year={1950},
  publisher={Nokia Bell Labs}
}